<?xml version="1.0" encoding="UTF-8"?><collection xmlns="http://www.loc.gov/MARC21/slim"><record><leader>00455nam--2200121-i-4500</leader><controlfield tag="001">000029627</controlfield><controlfield tag="002">20161230</controlfield><controlfield tag="005">20161230201037</controlfield><controlfield tag="008">060222s1000------------r-----000-0-eng-d</controlfield><datafield ind1=" " ind2=" " tag="245"><subfield code="a">Molecular spectroscopy. report of a conference organised by the spectroscopic panel, of the hydrocarbon research group of the inst.of petroleum and held in london, 28-29 oct</subfield></datafield><datafield ind1=" " ind2=" " tag="260"><subfield code="a">London, The Inst.Of Petroleum, 1955, Viii + 234p</subfield></datafield><datafield ind1=" " ind2=" " tag="700"><subfield code="a">Sell, George</subfield></datafield><datafield ind1=" " ind2=" " tag="852"><subfield code="a">12691</subfield></datafield></record></collection>